@Article{one,
  author = 	 {Albert One},
  title = 	 {One Alone},
  journal = 	 {MNRAS},
  volume =       1,
  pages =        {101-104},
  year = 	 {2001}
}

@Article{oneplus,
  author = 	 {Albert One and others},
  title = 	 {One with friends},
  journal = 	 {MNRAS},
  volume =       1,
  number =       {n1},
  pages =        {111-114},
  year = 	 {2001}
}

@Article{onereprised,
  author = 	 {Albert One},
  title = 	 {One reprised},
  journal = 	 {MNRAS},
  volume =       12,
  pages =        {1201-1204},
  year = 	 {2003}
}

% Like {onereprised}, but with the surname in braces.
% This should sort just before {onereprised} (because 2002<2003),
% rather than sorting with '{'.
@Article{onebracketed,
  author =       {Albert {One}},
  title =        {One Bracketed},
  journal =      {MNRAS},
  volume =       12,
  pages =        {1205-1208},
  year =         {2002}
}

@Article{two,
  author = 	 {Albert One and Benedict Two},
  title = 	 {Two Alone},
  journal = 	 {MNRAS},
  volume =       2,
  number =       {n2},
  pages =        {201-204},
  year = 	 {2001}
}

% Like {two}, but with 'others'.
% Also includes an adsurl
@Article{twoplus,
  author = 	 {Albert One and Benedict Two and others},
  title = 	 {Two with friends},
  journal = 	 {MNRAS},
  volume =       2,
  number =       {n2},
  pages =        {211-214},
  doi =          {10.1093/mnras/test2-211},
  eprint =       {0100.0001v1},
  adsurl =       {http://adsabs.harvard.edu/abs/2001MNRAS.002..211S},
  year = 	 {2003}
}

% Same author and year as 'two', but different paper/title
@Article{twobis,
  author = 	 {Albert One and Benedict Two},
  title = 	 {Two Alone Again},
  journal = 	 {MNRAS},
  volume =       2,
  number =       {n2},
  pages =        {221-224},
  year = 	 {2001}
}

% Include a book and a misc, to (partially) test that we're not
% inadvertently specific to articles.
@Book{twobook,
  author = 	 {Albert One and Benedict Two},
  title = 	 {Two Alone at Book Length},
  publisher = 	 {Repetitious press},
  year = 	 {2001}
}

% Same authors and year as {twobook}
% Also includes a DOI and a funky archivePrefix field (which should be ignored).
@Misc{twomisc,
  author = 	 {Albert One and Benedict Two},
  title = 	 {Two Alone in a Pamphlet (Adventures in Salami Publishing)},
  howpublished = 	 {obtained under the counter},
  archivePrefix = "funky",
  doi =          {10.1234/nowhere/One&Two_*#foo},
  xxxeprint =       {0100.0002},
  url =          {http://example.org/my_salami#pubs},
  year = 	 {2001}
}

@Article{tworeprised,
  author = 	 {Albert One and Benedict Two},
  title = 	 {Two Reprised},
  journal = 	 {MNRAS},
  volume =       22,
  number =       {n22},
  pages =        {2201-2204},
  year = 	 {2002}
}

% Papers {twobartearly} and {twobartlate} should appear before all
% One&Two papers, because two-author papers sort by date then author.
@Article{twobartearly,
  author =       {Albert One and Bartholemew Deux},
  title =        {Two Alternate},
  journal =      {MNRAS},
  year =         2000
}

@Article{twobartlate,
  author =       {Albert One and Bartholemew Deux},
  title =        {Two Alternate, Reprised},
  journal =      {MNRAS},
  year =         2003
}

@Article{three,
  author = 	 {Albert One and Benedict Two and C Three},
  title = 	 {Three Alone},
  journal = 	 {MNRAS},
  volume =       3,
  number =       {n3},
  pages =        {301-304},
  year = 	 {2007}
}

% The following multi-author papers are in descending order of years,
% so they should end up sorting in the opposite order from their order
% in this file.  The {*plus} papers are two years after the {*} papers,
% so that they sort separately, confirming that the date is being noticed.
@Article{threeplus,
  author = 	 {Albert One and Benedict Two and C Three and others},
  title = 	 {Three with friends},
  journal = 	 {MNRAS},
  volume =       3,
  number =       {n3},
  pages =        {311-314},
  year = 	 {2009}
}

@Article{threereprised,
  author = 	 {Albert One and Benedict Two and C Three},
  title = 	 {Three Reprised},
  journal = 	 {MNRAS},
  volume =       32,
  number =       {n32},
  pages =        {3201-3204},
  year = 	 {2007}
}

@Article{four,
  author = 	 {Albert One and Benedict Two and C Three and D Four},
  title = 	 {Four Alone},
  journal = 	 {MNRAS},
  volume =       4,
  number =       {n4},
  pages =        {401-404},
  year = 	 {2006}
}

@Article{fourplus,
  author = 	 {Albert One and Benedict Two and C Three and D Four and others},
  title = 	 {Four with friends},
  journal = 	 {MNRAS},
  volume =       4,
  number =       {n4},
  pages =        {411-414},
  year = 	 {2008}
}

@Article{five,
  author = 	 {Albert One and Benedict Two and C Three and D Four and E Five},
  title = 	 {Five Alone},
  journal = 	 {MNRAS},
  volume =       5,
  pages =        {501-504},
  year = 	 {2005}
}

@Article{fiveplus,
  author = 	 {Albert One and Benedict Two and C Three and D Four and E Five and others},
  title = 	 {Five with friends},
  journal = 	 {MNRAS},
  volume =       5,
  pages =        {511-514},
  year = 	 {2007}
}

@Article{seven,
  author = 	 {Albert One and Benedict Two and C Three and D Four and E Five
                  and F Six and G Seven},
  title = 	 {Seven Alone},
  journal = 	 {MNRAS},
  volume =       7,
  pages =        {701-704},
  year = 	 2003
}

@Article{sevenplus,
  author = 	 {Albert One and Benedict Two and C Three and D Four and E Five
                  and F Six and G Seven and others},
  title = 	 {Seven with friends},
  journal = 	 {MNRAS},
  volume =       7,
  pages =        {711-714},
  year = 	 2005
}

@Article{eight,
  author = 	 {Albert One and Benedict Two and C Three and D Four and E Five
                  and F Six and G Seven and H Eight},
  title = 	 {Eight Alone},
  journal = 	 {MNRAS},
  volume =       8,
  pages =        {801-804},
  year = 	 2002
}

@Article{eightplus,
  author = 	 {Albert One and Benedict Two and C Three and D Four and E Five
                  and F Six and G Seven and H Eight and others},
  title = 	 {Eight with friends},
  journal = 	 {MNRAS},
  volume =       8,
  pages =        {811-814},
  year = 	 2004
}

@Article{nine,
  author = 	 {Albert One and Benedict Two and C Three and D Four and E Five
                  and F Six and G Seven and H Eight and I Nine},
  title = 	 {Nine alone},
  journal = 	 {MNRAS},
  volume =       9,
  pages =        {901-904},
  year = 	 2001
}

@Article{nineplus,
  author = 	 {Albert One and Benedict Two and C Three and D Four and E Five
                  and F Six and G Seven and H Eight and I Nine and others},
  title = 	 {Nine with friends},
  journal = 	 {MNRAS},
  volume =       9,
  pages =        {911-914},
  year = 	 2003
}

@Article{ten,
  author = 	 {Albert One and Benedict Two and C Three and D Four and E Five
                  and F Six and G Seven and H Eight and I Nine and J
                  Ten},
  title = 	 {Ten alone},
  journal = 	 {MNRAS},
  volume =       10,
  pages =        {1001-1004},
  year = 	 2000
}

@Article{tenplus,
  author = 	 {Albert One and Benedict Two and C Three and D Four and E Five
                  and F Six and G Seven and H Eight and I Nine and J
                  Ten and others},
  title = 	 {Ten with friends},
  journal = 	 {MNRAS},
  volume =       10,
  pages =        {1011-1014},
  year = 	 2002
}

% Same author and year as 'ten', but different paper/title.
% The difference between this and 'twobis' is that this has more than
% eight authors, so would get an a/b/c/... anyway.
@Article{tenbis,
  author = 	 {Albert One and Benedict Two and C Three and D Four and E Five
                  and F Six and G Seven and H Eight and I Nine and J
                  Ten},
  title = 	 {Ten alone again},
  journal = 	 {MNRAS},
  volume =       10,
  pages =        {1021-1024},
  year = 	 2000
}

@InProceedings{eprint1,
  author =       {Albert One},
  title =        {Article with Preprint},
  booktitle =    {Early Thoughts Conference},
  year =         2014,
  eprint =       {1401.0001}
}
@InProceedings{eprint2,
  author =       {Benedict Two},
  title =        {Another Article with Preprint},
  booktitle =    {Early Thoughts Conference},
  year =         2014,
  eprint =       {arxiv:1401.0002}
}
@InProceedings{eprint3,
  author =       {Coriolanus Three},
  title =        {Yet Another Article with Computing Preprint},
  booktitle =    {Early Thoughts Conference},
  year =         2014,
  eprint =       {ascl:1401.003}
}
@InProceedings{eprint4,
  author =       {Coriolanus Three},
  title =        {Yet Another Article with DBLP Preprint},
  booktitle =    {Early Thoughts Conference},
  year =         2014,
  eprint =       {DBLP:journals/corr/AccomazziGEBFS14}
}
